@book{Moreno2024,
  author = {K. J. Moreno García},
  year = {2024},
  title = {Desarrollo de una app móvil para la gestión de recetas de cocina: aplicación móvil}
}

@book{Pinanjota2023,
  author = {K. A. Pinanjota Chavez},
  year = {2023},
  title = {Desarrollo de una app móvil para la gestión de recetas de cocina: desarrollo de aplicación móvil}
}

@book{Sampayo2016,
  author = {S. Sampayo Gómez},
  year = {2016},
  title = {Investigación de mercados en el segmento de los dinks con el fin de determinar la viabilidad de una aplicación móvil de cocina en la ciudad de Medellín}
}

@phdthesis{Hernandez2019,
  author = {A. Hernández Pellicer},
  year = {2019},
  title = {Desarrollo de una plataforma social iOS para compartir recetas de cocina},
  school = {Universitat Politècnica de València},
  type = {Doctoral dissertation}
}

@bachelorsthesis{Valenzuela2024,
  author = {L. C. Valenzuela Recalde},
  year = {2024},
  title = {Cocina creativa de los postres tradicionales de la sierra y aplicación en una carta en realidad aumentada},
  type = {Bachelor's thesis}
}

@book{Dingtang2020,
  author = {T. Dingtang},
  year = {2020},
  title = {Conceptualización y prototipado de una aplicación móvil sobre ingredientes de cocina para cocineros y aficionados a la cocina}
}

@book{Socas2019,
  author = {O. J. Socas Gonzalez},
  year = {2019},
  title = {Aplicación móvil para la generación y preparación de menús saludables personalizados}
}

@article{Faure2019,
  author = {I. Z. Faure and Q. M. M. Ballagas},
  year = {2019},
  title = {La cocina camagüeyana como atractivo turístico: una aplicación para móviles},
  journal = {Revista Caribeña de Ciencias Sociales (RCCS)},
  number = {3},
  pages = {64}
}

@book{Blumenthal2008,
  author = {H. Blumenthal},
  year = {2008},
  title = {The Fat Duck Cookbook},
  publisher = {Bloomsbury Publishing}
}

@book{McGee2004,
  author = {H. McGee},
  year = {2004},
  title = {La cocina y los alimentos: Enciclopedia de la ciencia y la cultura de la comida},
  publisher = {Debate}
}
