@article{blanco2009,
  author    = {Blanco, P. and Camarero, J. and Fumero, A. and Werterski, A. and Rodríguez, P.},
  title     = {Metodología de desarrollo ágil para sistemas móviles. Introducción al desarrollo con Android y el iPhone},
  journal   = {Dr. en Ing. Sist. Telemáticos},
  year      = {2009},
  pages     = {1--30}
}

@article{vique2019,
  author    = {Vique, R. R.},
  title     = {Métodos para el desarrollo de aplicaciones móviles},
  year      = {2019}
}

@article{balaguera2013,
  author    = {Balaguera, Y. D. A.},
  title     = {Metodologías ágiles en el desarrollo de aplicaciones para dispositivos móviles. Estado actual},
  journal   = {Revista de Tecnología (Archivo)},
  volume    = {12},
  number    = {2},
  pages     = {111--123},
  year      = {2013}
}

@article{quisaguano2022,
  author    = {Quisaguano, L. R. and Camalle, T. G. and Toca, J. W.},
  title     = {Análisis comparativo de entornos de desarrollo móvil},
  journal   = {Ciencia Latina Revista Científica Multidisciplinar},
  volume    = {6},
  number    = {4},
  pages     = {4478--4498},
  year      = {2022}
}

@article{pascuasrengifo2020,
  author    = {Pascuas-Rengifo, Y. S. and Garcia-Quintero, J. A. and Mercado-Varela, M. A.},
  title     = {Dispositivos móviles en la educación: tendencias e impacto para la innovación},
  journal   = {Revista politécnica},
  volume    = {16},
  number    = {31},
  pages     = {97--109},
  year      = {2020}
}

@article{kantel2010,
  author    = {Kantel, E. and Tovar, G. and Serrano, A.},
  title     = {Diseño de un Entorno Colaborativo Móvil para Apoyo al Aprendizaje a través de Dispositivos Móviles de Tercera Generación},
  journal   = {Rev. Iberoam. de Tecnol. del Aprendiz.},
  volume    = {5},
  number    = {4},
  pages     = {146--151},
  year      = {2010}
}

@article{pina2023,
  author    = {Pina, Á. C.},
  title     = {ArchiMaps: desarrollo de una aplicación móvil de guías de arquitectura},
  journal   = {SOBRE. Prácticas Editoriales En Arte Y Arquitectura},
  volume    = {9},
  number    = {1},
  pages     = {21--29},
  year      = {2023}
}

@misc{farfan2024,
  author    = {Farfán Fernández, R. M.},
  title     = {Desarrollo de una aplicación móvil como herramienta estratégica para optimizar la interacción entre diseñador-cliente, ofreciendo un apoyo a los ejecutivos o comunicadores comerciales en el sector de marketing y publicidad},
  year      = {2024}
}

@article{rios2021,
  author    = {Ríos, J. R. M. and Tapia, J. A. H. and Souto, N. P. and León, H. P. P.},
  title     = {Estado del arte: metodologías de desarrollo de aplicaciones móviles},
  journal   = {3c Tecnología: glosas de innovación aplicadas a la pyme},
  volume    = {10},
  number    = {2},
  pages     = {17--45},
  year      = {2021}
}

@article{acostaespinoza2022,
  author    = {Acosta Espinoza, J. L. and Lenin León Yacelga, A. R. and Sanafria Michilena, W. G.},
  title     = {Las aplicaciones móviles y su impacto en la sociedad},
  journal   = {Revista Universidad y Sociedad},
  volume    = {14},
  number    = {2},
  pages     = {237--243},
  year      = {2022}
}

@book{beck2001,
  author    = {Beck, K. and Fowler, M.},
  title     = {Planning extreme programming},
  publisher = {Addison-Wesley Professional},
  year      = {2001}
}

@inproceedings{abrahamsson2004,
  author    = {Abrahamsson, P. and Hanhineva, A. and Hulkko, H. and Ihme, T. and Jäälinoja, J. and Korkala, M. and Salo, O.},
  title     = {Mobile-D: an agile approach for mobile application development},
  booktitle = {Companion to the 19th annual ACM SIGPLAN conference on Object-oriented programming systems, languages, and applications},
  pages     = {174--175},
  year      = {2004}
}
